<?xml version="1.0" encoding="UTF-8"?><record xmlns="http://www.loc.gov/MARC21/slim" xmlns:cinclude="http://apache.org/cocoon/include/1.0" xmlns:zs="http://www.loc.gov/zing/srw/">
  <leader>00877nz  a2200181n  4500</leader>
  <controlfield tag="001">no2008061451</controlfield>
  <controlfield tag="003">DLC</controlfield>
  <controlfield tag="005">20080425080141.0</controlfield>
  <controlfield tag="008">071217n| acannaabn          |a ana     c</controlfield>
  <datafield tag="010" ind1=" " ind2=" ">
    <subfield code="a">no2008061451</subfield>
  </datafield>
  <datafield tag="035" ind1=" " ind2=" ">
    <subfield code="a">(OCoLC)oca07743360</subfield>
  </datafield>
  <datafield tag="040" ind1=" " ind2=" ">
    <subfield code="a">UPB</subfield>
    <subfield code="b">eng</subfield>
    <subfield code="c">UPB</subfield>
  </datafield>
  <datafield tag="130" ind1=" " ind2="0">
    <subfield code="a">Erfurt glossary</subfield>
  </datafield>
  <datafield tag="430" ind1=" " ind2="0">
    <subfield code="a">Épinal-Erfurt glossary</subfield>
  </datafield>
  <datafield tag="410" ind1="2" ind2=" ">
    <subfield code="a">Universitäts- und Forschungsbibliothek Erfurt/Gotha.</subfield>
    <subfield code="k">Manuscript.</subfield>
    <subfield code="n">Codex Amplonianus f. 42</subfield>
  </datafield>
  <datafield tag="670" ind1=" " ind2=" ">
    <subfield code="a">Old English glosses in the Épinal-Erfurt glossary, 1974:</subfield>
    <subfield code="b">p. xxv (The Erfurt manuscript; Erfurt, Codex Amplonianus f. 42)</subfield>
  </datafield>
  <datafield tag="670" ind1=" " ind2=" ">
    <subfield code="a">Universitäts- und Forschungsbibliothek Erfurt/Gotha, via WWW, Apr. 23, 2008</subfield>
    <subfield code="b">(The Bibliotheca Amploniana, a collection of medieval manuscripts, was incorporated into the Universitäts- und Forschungsbibliothek Erfurt/Gotha in 2001)</subfield>
  </datafield>
  <datafield tag="670" ind1=" " ind2=" ">
    <subfield code="a">OCLC, Apr. 23, 2008</subfield>
    <subfield code="b">(hdg.: Erfurt glossary)</subfield>
  </datafield>
</record>